<?xml version="1.0" encoding="UTF-8"?><collection xmlns="http://www.loc.gov/MARC21/slim"><record><leader>00283nam--2200109-i-4500</leader><controlfield tag="001">000040513</controlfield><controlfield tag="002">20161230</controlfield><controlfield tag="005">20161230201042</controlfield><controlfield tag="008">060222s1000------------r-----000-0-eng-d</controlfield><datafield ind1=" " ind2=" " tag="100"><subfield code="a">Schaffhauser,A.C</subfield></datafield><datafield ind1=" " ind2=" " tag="260"><subfield code="a">Hinsdale, Illinois, American Nuclear Society, 1967. Xi + 458 P</subfield></datafield><datafield ind1=" " ind2=" " tag="852"><subfield code="a">27960</subfield></datafield></record></collection>